@article{anonymous2021,
    author = {Anonymous Suomynona},
    year = {2021},
    title = {On the Importance of Singularities},
    journal = {TNT}
}
